<?xml version="1.0" encoding="UTF-8"?>
<record xmlns="http://www.loc.gov/MARC21/slim">
   <leader>01585cam a22003251  4500</leader>
   <controlfield tag="001">6434062</controlfield>
   <controlfield tag="003">NjP</controlfield>
   <controlfield tag="005">20190311171045.0</controlfield>
   <controlfield tag="008">890324s1889    ua       bc   000 0 ara  </controlfield>
   <datafield tag="024" ind1="7" ind2=" ">
      <subfield code="a">princeton_aco004974</subfield>
      <subfield code="2">local</subfield>
   </datafield>
   <datafield ind1=" " ind2=" " tag="010">
      <subfield code="a">   58047928 </subfield>
   </datafield>
   <datafield ind1=" " ind2=" " tag="035">
      <subfield code="a">(OCoLC)ocm23486830</subfield>
   </datafield>
   <datafield ind1=" " ind2=" " tag="040">
      <subfield code="a">DLC</subfield>
      <subfield code="c">EYM</subfield>
      <subfield code="d">DLC</subfield>
      <subfield code="d">OCLCQ</subfield>
   </datafield>
   <datafield ind1=" " ind2=" " tag="066">
      <subfield code="c">(3</subfield>
   </datafield>
   <datafield ind1="0" ind2="0" tag="050">
      <subfield code="a">Z965</subfield>
      <subfield code="b">.C1374 1889</subfield>
   </datafield>
   <datafield ind1=" " ind2=" " tag="049">
      <subfield code="a">PULL</subfield>
   </datafield>
   <datafield ind1="2" ind2=" " tag="110">
      <subfield code="a">Dār al-Kutub al-Miṣrīyah.</subfield>
      <subfield code="0">http://id.loc.gov/authorities/names/n81035866</subfield>
   </datafield>
   <datafield ind1="1" ind2="0" tag="245">
      <subfield code="a">Fihrist al-kutub al-Fārisīyah wa-al-Jāwīyah.</subfield>
   </datafield>
   <datafield ind1=" " ind2=" " tag="260">
      <subfield code="a">Miṣr :</subfield>
      <subfield code="b">al-Maṭbaʻah al-ʻUthmānīyah,</subfield>
      <subfield code="c">1306 [1889]</subfield>
   </datafield>
   <datafield ind1=" " ind2=" " tag="300">
      <subfield code="a">10, 407-559, 15 p.</subfield>
      <subfield code="c">25 cm.</subfield>
   </datafield>
   <datafield ind1=" " ind2=" " tag="500">
      <subfield code="a">Romanized.</subfield>
   </datafield>
   <datafield ind1=" " ind2="0" tag="650">
      <subfield code="a">Persian literature</subfield>
      <subfield code="v">Bibliography</subfield>
      <subfield code="v">Catalogs.</subfield>
   </datafield>
   <datafield ind1=" " ind2="0" tag="650">
      <subfield code="a">Javanese literature</subfield>
      <subfield code="v">Bibliography.</subfield>
   </datafield>
   <datafield ind1="1" ind2=" " tag="700">
      <subfield code="6">880-01</subfield>
      <subfield code="a">Dāghistānī, ʻAlī Ḥilmī.</subfield>
   </datafield>
   <datafield ind1="0" ind2="8" tag="776">
      <subfield code="i">Online version:</subfield>
      <subfield code="a">Dār al-Kutub al-Miṣrīyah.</subfield>
      <subfield code="t">Fihrist al-kutub al-Fārisīyah wa-al-Jāwīyah.</subfield>
      <subfield code="d">[1889]</subfield>
      <subfield code="w">(OCoLC)578908797</subfield>
   </datafield>
   <datafield ind1="0" ind2="8" tag="776">
      <subfield code="i">Online version:</subfield>
      <subfield code="a">Dār al-Kutub al-Miṣrīyah.</subfield>
      <subfield code="t">Fihrist al-kutub al-Fārisīyah wa-al-Jāwīyah.</subfield>
      <subfield code="d">[1889]</subfield>
      <subfield code="w">(OCoLC)607826369</subfield>
   </datafield>
   <datafield ind1="1" ind2="0" tag="880">
      <subfield code="6">245-00/(3/r</subfield>
      <subfield code="a">فهرست الكتب الفارسية والجاوية المحفوظة بالكتبخانة الخديوية المصرية /</subfield>
      <subfield code="c">جمعه ورتبه على أفندى حلمى الداغستانى..</subfield>
   </datafield>
   <datafield ind1=" " ind2=" " tag="880">
      <subfield code="6">250-00/(3/r</subfield>
      <subfield code="a">الطبعة 1.</subfield>
   </datafield>
   <datafield ind1=" " ind2=" " tag="880">
      <subfield code="6">260-00/(3/r</subfield>
      <subfield code="a">مصر :</subfield>
      <subfield code="b">المطبعة العثمانية،</subfield>
      <subfield code="c">[1889].</subfield>
   </datafield>
   <datafield ind1="1" ind2=" " tag="880">
      <subfield code="6">700-01/(3/r</subfield>
      <subfield code="a">داغستانى، على حلمى..</subfield>
   </datafield>
   <datafield ind1="2" ind2=" " tag="880">
      <subfield code="6">710-00/(3/r</subfield>
      <subfield code="a">دار الكتب المصرية..</subfield>
   </datafield>
   <datafield ind1=" " ind2=" " tag="994">
      <subfield code="a">C0</subfield>
      <subfield code="b">PUL</subfield>
   </datafield>
   <datafield ind1="0" ind2=" " tag="852">
      <subfield code="0">6416682</subfield>
      <subfield code="b">nec</subfield>
      <subfield code="h">Z965</subfield>
      <subfield code="i">.C1374 1889</subfield>
   </datafield>
   <datafield ind1=" " ind2=" " tag="959">
      <subfield code="a">2011-02-25 10:10:30 -0400</subfield>
   </datafield>
</record>
